@book{hrts,
  title={Hard Real-Time Computing Systems, Predictable Scheduling Algorithms and Applications},
  author={Buttazzo, Giorgio},
  year={2011},
  publisher={Springer US}
}

@book{rts,
  title={Real-Time Systems, Design Principles for Distributed Embedded Applications},
  author={Kopetz, Hermann},
  year={2011},
  publisher={Springer US}
}

@misc{embart,
author = {EmbeddedArtistry},
title = {Earliest Deadline First Scheduling [EDF]},
howpublished = {\url{https://embeddedartistry.com/fieldmanual-terms/earliest-deadline-first-scheduling/}},
note = {(Accessed on 06/05/2022)}
}

@misc{mic,
author = {Microcontrollerslab},
title = {EARLIEST DEADLINE FIRST (EDF) SCHEDULING ALGORITHM},
howpublished = {\url{https://microcontrollerslab.com/earliest-deadline-\\first-scheduling/}},
note = {(Accessed on 06/05/2022)}
}

@misc{tik,
author = {Thiele, Lothar},
title = {Embedded Systems and Aperiodic and Periodic Scheduling},
howpublished = {\url{https://lectures\(.\)tik\(.\)ee\(.\)ethz.ch\\/es/slides/6\(_\)RealTimeScheduling\(.\)pdf}},
note = {(Accessed on 06/05/2022)}
}

@misc{edn,
author = {EDN},
title = {Embedded Operating Systems â€“ Part 2: Process scheduling},
howpublished = {\url{https://www.edn.com/embedded-operating-systems-part-2-process-scheduling/}},
day = {8},
month = {April},
year = {2013},
note = {(Accessed on 06/05/2022)}
}

@misc{git,
author = {jabezwinston},
title = {Earliest Deadline First},
howpublished = {\url{https://github.com/jabezwinston/\\Earliest\(_\)Deadline\(_\)First}},
note = {(Accessed on 25/05/2022)}
}

@misc{git1,
author = {mohammaduzair9},
title = {Scheduling-Algorithms-OS/schedule},
howpublished = {\url{https://github.com/mohammaduzair9/Scheduling-Algorithms-OS/blob/master/schedule.cpp}},
note = {(Accessed on 25/05/2022)}
}
